<?xml version="1.0" encoding="UTF-8"?><collection xmlns="http://www.loc.gov/MARC21/slim"><record><leader>00399nam--2200133-i-4500</leader><controlfield tag="001">000023076</controlfield><controlfield tag="002">20161230</controlfield><controlfield tag="005">20161230201034</controlfield><controlfield tag="008">060222s1000------------r-----000-0-eng-d</controlfield><datafield ind1=" " ind2=" " tag="100"><subfield code="a">Jarvis, W.H.And Jenkins, J</subfield></datafield><datafield ind1=" " ind2=" " tag="245"><subfield code="a">Basic principles of electronics. vol.2: semiconductors</subfield></datafield><datafield ind1=" " ind2=" " tag="260"><subfield code="a">Oxford, Pergamon Press, 1971, X + 254p</subfield></datafield><datafield ind1=" " ind2=" " tag="490"><subfield code="a">The Commonwealth And International Library</subfield></datafield><datafield ind1=" " ind2=" " tag="852"><subfield code="a">35401</subfield></datafield></record></collection>